<?xml version="1.0" encoding="UTF-8"?><collection xmlns="http://www.loc.gov/MARC21/slim"><record><leader>00530nam--2200145-i-4500</leader><controlfield tag="001">000013473</controlfield><controlfield tag="002">20161230</controlfield><controlfield tag="005">20161230201030</controlfield><controlfield tag="008">060222s1000------------r-----000-0-eng-d</controlfield><datafield ind1=" " ind2=" " tag="080"><subfield code="a">543.08:519.688</subfield></datafield><datafield ind1=" " ind2=" " tag="245"><subfield code="a">Computer-assisted structure elucidation. a sym posium sponsored  by the division of chemical informationatat the 173-rd meeting of the amer ican chemical society, new orleans, la., march 23, 1977</subfield></datafield><datafield ind1=" " ind2=" " tag="260"><subfield code="a">Washington, American Chemical Society, 1977 151 P</subfield></datafield><datafield ind1=" " ind2=" " tag="490"><subfield code="a">54</subfield></datafield><datafield ind1=" " ind2=" " tag="700"><subfield code="a">Dennis H.Smith</subfield></datafield><datafield ind1=" " ind2=" " tag="852"><subfield code="a">47024</subfield></datafield></record></collection>